<?xml version="1.0" encoding="UTF-8"?>
<record>
  <leader>00935nam#a2200301#c#4500</leader>
  <controlfield tag="005">20210407153130.0</controlfield>
  <controlfield tag="007">tu</controlfield>
  <controlfield tag="008">951208|1993####gw############|||#|#ger#c</controlfield>
  <controlfield tag="003">DE-605</controlfield>
  <controlfield tag="001">990026405480206441</controlfield>
  <datafield tag="016" ind1="7" ind2=" ">
    <subfield code="a">722126366</subfield>
    <subfield code="2">OCoLC</subfield>
  </datafield>
  <datafield tag="020" ind1=" " ind2=" ">
    <subfield code="a">3893505547</subfield>
    <subfield code="9">3-89350-554-7</subfield>
  </datafield>
  <datafield tag="035" ind1=" " ind2=" ">
    <subfield code="a">(DE-605)HT006813395</subfield>
  </datafield>
  <datafield tag="040" ind1=" " ind2=" ">
    <subfield code="a">361</subfield>
    <subfield code="b">ger</subfield>
    <subfield code="d">Zw 1</subfield>
    <subfield code="e">rakwb</subfield>
  </datafield>
  <datafield tag="041" ind1=" " ind2=" ">
    <subfield code="a">ger</subfield>
  </datafield>
  <datafield tag="044" ind1=" " ind2=" ">
    <subfield code="c">XA-DE</subfield>
  </datafield>
  <datafield tag="100" ind1="1" ind2=" ">
    <subfield code="a">Piper, Otto</subfield>
    <subfield code="4">aut</subfield>
  </datafield>
  <datafield tag="245" ind1="1" ind2="0">
    <subfield code="a">Burgenkunde</subfield>
    <subfield code="b">Bauwesen und Geschichte der Burgen</subfield>
    <subfield code="c">von Otto Piper</subfield>
  </datafield>
  <datafield tag="250" ind1=" " ind2=" ">
    <subfield code="a">Neue, verb. u. erw. Aufl., [verb. u. erw. Nachdr. der 3. Aufl. 1912]</subfield>
  </datafield>
  <datafield tag="264" ind1=" " ind2="1">
    <subfield code="a">Augsburg</subfield>
    <subfield code="b">Weltbild-Verl.</subfield>
    <subfield code="c">1993</subfield>
  </datafield>
  <datafield tag="300" ind1=" " ind2=" ">
    <subfield code="a">XX, 711 S. : Ill., graph. Darst.</subfield>
    <subfield code="e">1 Kt. "Burgen und Schlösser"</subfield>
  </datafield>
  <datafield tag="689" ind1="0" ind2="0">
    <subfield code="a">Burg</subfield>
    <subfield code="D">s</subfield>
    <subfield code="0">(DE-588)4009104-1</subfield>
    <subfield code="0">https://portal.dnb.de/opac.htm?method=simpleSearch&amp;cqlMode=true&amp;query=idn=04009104X</subfield>
    <subfield code="0">http://viaf.org/viaf/sourceID/DNB|04009104X</subfield>
    <subfield code="B">GND-04009104X</subfield>
  </datafield>
  <datafield tag="689" ind1="0" ind2="1">
    <subfield code="a">Geschichte</subfield>
    <subfield code="A">z</subfield>
  </datafield>
  <datafield tag="964" ind1="0" ind2="s">
    <subfield code="F">030</subfield>
    <subfield code="A">a|1uc||||||17</subfield>
  </datafield>
  <datafield tag="964" ind1="0" ind2="s">
    <subfield code="F">050</subfield>
    <subfield code="A">a|||||||||||||</subfield>
  </datafield>
  <datafield tag="964" ind1="0" ind2="s">
    <subfield code="F">051</subfield>
    <subfield code="A">m|||||||</subfield>
  </datafield>
  <datafield tag="035" ind1=" " ind2=" ">
    <subfield code="a">(OCoLC)722126366</subfield>
  </datafield>
  <datafield tag="035" ind1=" " ind2=" ">
    <subfield code="a">(DE-599)HBZHT006813395</subfield>
  </datafield>
  <datafield tag="MBD" ind1=" " ind2=" ">
    <subfield code="M">49HBZ_NETWORK</subfield>
    <subfield code="i">990026405480206441</subfield>
    <subfield code="n">HBZ Network</subfield>
  </datafield>
  <datafield tag="MBD" ind1=" " ind2=" ">
    <subfield code="M">49HBZ_BRS</subfield>
    <subfield code="i">991005758275306452</subfield>
    <subfield code="n">Hochschule Bonn-Rhein-Sieg</subfield>
  </datafield>
  <datafield tag="020" ind1=" " ind2=" ">
    <subfield code="a">3893505547</subfield>
    <subfield code="9">3-89350-554-7</subfield>
    <subfield code="M">49HBZ_BRS</subfield>
  </datafield>
  <datafield tag="MBD" ind1=" " ind2=" ">
    <subfield code="M">49HBZ_HSD</subfield>
    <subfield code="i">991001467889706455</subfield>
    <subfield code="n">Hochschule Duesseldorf</subfield>
  </datafield>
  <datafield tag="020" ind1=" " ind2=" ">
    <subfield code="a">3893505547</subfield>
    <subfield code="9">3-89350-554-7</subfield>
    <subfield code="M">49HBZ_HSD</subfield>
  </datafield>
  <datafield tag="981" ind1=" " ind2=" ">
    <subfield code="a">61907</subfield>
    <subfield code="9">LOCAL</subfield>
    <subfield code="M">49HBZ_HSD</subfield>
  </datafield>
  <datafield tag="983" ind1=" " ind2=" ">
    <subfield code="a">WUJ</subfield>
    <subfield code="9">LOCAL</subfield>
    <subfield code="M">49HBZ_HSD</subfield>
  </datafield>
  <datafield tag="987" ind1="1" ind2=" ">
    <subfield code="a">b</subfield>
    <subfield code="9">LOCAL</subfield>
    <subfield code="M">49HBZ_HSD</subfield>
  </datafield>
  <datafield tag="997" ind1=" " ind2=" ">
    <subfield code="a">20201216</subfield>
    <subfield code="9">LOCAL</subfield>
    <subfield code="M">49HBZ_HSD</subfield>
  </datafield>
  <datafield tag="MBD" ind1=" " ind2=" ">
    <subfield code="M">49HBZ_BRIDGE_LBZ</subfield>
    <subfield code="i">9924059907506</subfield>
    <subfield code="n">Rheinische Landesbibliothek Koblenz</subfield>
  </datafield>
  <datafield tag="020" ind1=" " ind2=" ">
    <subfield code="a">3893505547</subfield>
    <subfield code="9">3-89350-554-7</subfield>
    <subfield code="M">49HBZ_BRIDGE_LBZ</subfield>
  </datafield>
  <datafield tag="MBD" ind1=" " ind2=" ">
    <subfield code="M">49HBZ_BIE</subfield>
    <subfield code="i">991023062269706442</subfield>
    <subfield code="n">Universität Bielefeld</subfield>
  </datafield>
  <datafield tag="020" ind1=" " ind2=" ">
    <subfield code="a">3893505547</subfield>
    <subfield code="9">3-89350-554-7</subfield>
    <subfield code="M">49HBZ_BIE</subfield>
  </datafield>
  <datafield tag="980" ind1="1" ind2=" ">
    <subfield code="e">HBZ</subfield>
    <subfield code="9">LOCAL</subfield>
    <subfield code="M">49HBZ_BIE</subfield>
  </datafield>
  <datafield tag="981" ind1=" " ind2=" ">
    <subfield code="a">(DE-361)1882408</subfield>
    <subfield code="9">LOCAL</subfield>
    <subfield code="M">49HBZ_BIE</subfield>
  </datafield>
  <datafield tag="997" ind1=" " ind2=" ">
    <subfield code="a">20020125</subfield>
    <subfield code="9">LOCAL</subfield>
    <subfield code="M">49HBZ_BIE</subfield>
  </datafield>
  <datafield tag="MBD" ind1=" " ind2=" ">
    <subfield code="M">49HBZ_BRIDGE_UBK</subfield>
    <subfield code="i">9956864607147</subfield>
    <subfield code="n">Universitäts- und Stadtbibliothek Köln</subfield>
  </datafield>
  <datafield tag="020" ind1=" " ind2=" ">
    <subfield code="a">3893505547</subfield>
    <subfield code="9">3-89350-554-7</subfield>
    <subfield code="M">49HBZ_BRIDGE_UBK</subfield>
  </datafield>
  <datafield tag="MBD" ind1=" " ind2=" ">
    <subfield code="M">49HBZ_PAD</subfield>
    <subfield code="i">990006876420106463</subfield>
    <subfield code="n">Universitätsbibliothek Paderborn</subfield>
  </datafield>
  <datafield tag="020" ind1=" " ind2=" ">
    <subfield code="a">3893505547</subfield>
    <subfield code="9">3-89350-554-7</subfield>
    <subfield code="M">49HBZ_PAD</subfield>
  </datafield>
  <datafield tag="981" ind1=" " ind2=" ">
    <subfield code="a">000687642</subfield>
    <subfield code="l">doclib</subfield>
    <subfield code="9">LOCAL</subfield>
    <subfield code="M">49HBZ_PAD</subfield>
  </datafield>
  <datafield tag="983" ind1=" " ind2=" ">
    <subfield code="a">WUJ</subfield>
    <subfield code="9">LOCAL</subfield>
    <subfield code="M">49HBZ_PAD</subfield>
  </datafield>
  <datafield tag="MNG" ind1=" " ind2=" ">
    <subfield code="c">System</subfield>
    <subfield code="f">ILS</subfield>
    <subfield code="i">marc21</subfield>
    <subfield code="k">01</subfield>
    <subfield code="e">false</subfield>
    <subfield code="d">2023-04-03 08:32:12 Europe/Berlin</subfield>
    <subfield code="g">002640548-HBZ01</subfield>
    <subfield code="j">60</subfield>
    <subfield code="a">import</subfield>
    <subfield code="b">2021-04-05 20:47:33 Europe/Berlin</subfield>
  </datafield>
  <datafield tag="H52" ind1="8" ind2=" ">
    <subfield code="b">SIE</subfield>
    <subfield code="c">SIE_PRAES</subfield>
    <subfield code="h">82 = 3659</subfield>
    <subfield code="8">2265555330006452</subfield>
  </datafield>
  <datafield tag="HOL" ind1=" " ind2=" ">
    <subfield code="d">2023-05-03 09:21:24</subfield>
    <subfield code="8">2265555330006452</subfield>
    <subfield code="b">2023-05-03 09:21:14</subfield>
    <subfield code="M">49HBZ_BRS</subfield>
    <subfield code="g">false</subfield>
    <subfield code="a">90002022a</subfield>
    <subfield code="c">90002022a</subfield>
  </datafield>
  <datafield tag="ITM" ind1=" " ind2=" ">
    <subfield code="H">2265555330006452</subfield>
    <subfield code="x">SIE_PRAES</subfield>
    <subfield code="f">BOOK</subfield>
    <subfield code="v">SIE_PRAES</subfield>
    <subfield code="p">ITEM_POLICY_PRAESENZ</subfield>
    <subfield code="X">90002022a</subfield>
    <subfield code="Y">2023-05-03 11:21:38 Europe/Berlin</subfield>
    <subfield code="n">82 = 3659</subfield>
    <subfield code="M">49HBZ_BRS</subfield>
    <subfield code="s">1</subfield>
    <subfield code="d">8</subfield>
    <subfield code="V">90002022a</subfield>
    <subfield code="b">40275409</subfield>
    <subfield code="a">2365555310006452</subfield>
    <subfield code="c">82 = 3659</subfield>
    <subfield code="W">2023-05-03 11:21:38 Europe/Berlin</subfield>
    <subfield code="u">SIE</subfield>
    <subfield code="w">SIE</subfield>
  </datafield>
  <datafield tag="H52" ind1="8" ind2=" ">
    <subfield code="b">cdd</subfield>
    <subfield code="c">HB</subfield>
    <subfield code="h">11 WUJ 150 (3)</subfield>
    <subfield code="8">2232858500006455</subfield>
  </datafield>
  <datafield tag="HOL" ind1=" " ind2=" ">
    <subfield code="b">2022-08-09 09:18:53</subfield>
    <subfield code="8">2232858500006455</subfield>
    <subfield code="M">49HBZ_HSD</subfield>
    <subfield code="g">false</subfield>
    <subfield code="a">import</subfield>
  </datafield>
  <datafield tag="ITM" ind1=" " ind2=" ">
    <subfield code="H">2232858500006455</subfield>
    <subfield code="x">HB</subfield>
    <subfield code="f">BOOK</subfield>
    <subfield code="v">HB</subfield>
    <subfield code="p">N</subfield>
    <subfield code="X">System</subfield>
    <subfield code="U">2022-08-09 12:59:00 Europe/Berlin</subfield>
    <subfield code="Y">2022-08-09 11:19:33 Europe/Berlin</subfield>
    <subfield code="h">false</subfield>
    <subfield code="n">11 WUJ 150 (3)</subfield>
    <subfield code="M">49HBZ_HSD</subfield>
    <subfield code="s">1</subfield>
    <subfield code="d">8</subfield>
    <subfield code="V">import</subfield>
    <subfield code="b">006392301</subfield>
    <subfield code="N">Haushaltskostenstelle: zz/z | Medientyp: b</subfield>
    <subfield code="a">2332858470006455</subfield>
    <subfield code="R">arc - Architektur</subfield>
    <subfield code="c">11 WUJ 150 (3)</subfield>
    <subfield code="B">BT94-1499A</subfield>
    <subfield code="W">2022-08-09 11:18:53 Europe/Berlin</subfield>
    <subfield code="u">cdd</subfield>
    <subfield code="w">cdd</subfield>
  </datafield>
  <datafield tag="H52" ind1="0" ind2=" ">
    <subfield code="b">R0002</subfield>
    <subfield code="c">00002000</subfield>
    <subfield code="h">KKe 133</subfield>
    <subfield code="8">2210230400007506</subfield>
  </datafield>
  <datafield tag="HOL" ind1=" " ind2=" ">
    <subfield code="d">2023-02-08 19:13:34</subfield>
    <subfield code="8">2210230400007506</subfield>
    <subfield code="b">2023-02-08 19:13:34</subfield>
    <subfield code="M">49HBZ_BRIDGE_LBZ</subfield>
    <subfield code="g">false</subfield>
    <subfield code="a">System</subfield>
    <subfield code="c">System</subfield>
  </datafield>
  <datafield tag="ITM" ind1=" " ind2=" ">
    <subfield code="H">2210230400007506</subfield>
    <subfield code="x">00002000</subfield>
    <subfield code="f">BOOK</subfield>
    <subfield code="v">00002000</subfield>
    <subfield code="p">02</subfield>
    <subfield code="X">System</subfield>
    <subfield code="Y">2009-04-01 02:00:00 Europe/Berlin</subfield>
    <subfield code="n">BBZ 2656</subfield>
    <subfield code="M">49HBZ_BRIDGE_LBZ</subfield>
    <subfield code="s">1</subfield>
    <subfield code="d">0</subfield>
    <subfield code="V">System</subfield>
    <subfield code="b">06542653</subfield>
    <subfield code="a">2310230370007506</subfield>
    <subfield code="c">KKe 133</subfield>
    <subfield code="W">2023-02-08 20:13:34 Europe/Berlin</subfield>
    <subfield code="u">R0002</subfield>
    <subfield code="w">R0002</subfield>
  </datafield>
  <datafield tag="ITM" ind1=" " ind2=" ">
    <subfield code="H">2210230400007506</subfield>
    <subfield code="x">00002000</subfield>
    <subfield code="f">BOOK</subfield>
    <subfield code="v">00002000</subfield>
    <subfield code="p">02</subfield>
    <subfield code="X">System</subfield>
    <subfield code="Y">2009-02-04 01:00:00 Europe/Berlin</subfield>
    <subfield code="n">KKe 133</subfield>
    <subfield code="M">49HBZ_BRIDGE_LBZ</subfield>
    <subfield code="s">1</subfield>
    <subfield code="d">0</subfield>
    <subfield code="V">System</subfield>
    <subfield code="b">07258981</subfield>
    <subfield code="a">2310230380007506</subfield>
    <subfield code="c">KKe 133</subfield>
    <subfield code="W">2023-02-08 20:13:34 Europe/Berlin</subfield>
    <subfield code="u">R0002</subfield>
    <subfield code="w">R0002</subfield>
  </datafield>
  <datafield tag="H52" ind1="8" ind2=" ">
    <subfield code="b">UB_BI</subfield>
    <subfield code="c">14K_Mono</subfield>
    <subfield code="h">FB142 P665</subfield>
    <subfield code="8">22250908010006442</subfield>
  </datafield>
  <datafield tag="HOL" ind1=" " ind2=" ">
    <subfield code="b">2021-04-19 04:37:15</subfield>
    <subfield code="8">22250908010006442</subfield>
    <subfield code="M">49HBZ_BIE</subfield>
    <subfield code="g">false</subfield>
    <subfield code="a">import</subfield>
  </datafield>
  <datafield tag="ITM" ind1=" " ind2=" ">
    <subfield code="H">22250908010006442</subfield>
    <subfield code="x">14K_Mono</subfield>
    <subfield code="f">BOOK</subfield>
    <subfield code="v">14K_Mono</subfield>
    <subfield code="p">item_00</subfield>
    <subfield code="X">Cutover_Fix_OSID</subfield>
    <subfield code="U">2021-04-18 12:59:00 Europe/Berlin</subfield>
    <subfield code="Y">2021-04-19 06:37:44 Europe/Berlin</subfield>
    <subfield code="h">false</subfield>
    <subfield code="M">49HBZ_BIE</subfield>
    <subfield code="s">1</subfield>
    <subfield code="d">8</subfield>
    <subfield code="V">import</subfield>
    <subfield code="L">Abteilung/Standort/Haushaltsstufe: 14 | SISIS-Magazindrucker: 0 | HBZ01: HT006813395 | Keine Beilagen: 1</subfield>
    <subfield code="b">140/3084853+01</subfield>
    <subfield code="O">SISIS-Ausleihzähler vorletztes Migrationsjahr: 0 | SISIS-Vormerkzähler Migrationsjahr: 0 | SISIS-vorletztes Rückgabedatum: 2008-08-29 | SISIS-Buchdaten-Aufnahmedatum: 2002-01-30</subfield>
    <subfield code="N">Fernleihkonditionen: 3 | Sigel: 361 | Klassifikation: 14K_Mono | Altersbegrenzung: 0 | SISIS-Ausleihzähler Migrationsjahr: 0 | SISIS-Ausleihzähler Vor-Migrationsjahr: 0</subfield>
    <subfield code="a">23250908000006442</subfield>
    <subfield code="c">FB142 P665</subfield>
    <subfield code="W">2021-04-19 06:37:15 Europe/Berlin</subfield>
    <subfield code="u">UB_BI</subfield>
    <subfield code="w">UB_BI</subfield>
  </datafield>
  <datafield tag="H52" ind1="0" ind2=" ">
    <subfield code="b">K1119</subfield>
    <subfield code="c">00420002</subfield>
    <subfield code="h">306/Ba675</subfield>
    <subfield code="8">2226045020007147</subfield>
  </datafield>
  <datafield tag="HOL" ind1=" " ind2=" ">
    <subfield code="d">2023-02-08 19:13:25</subfield>
    <subfield code="8">2226045020007147</subfield>
    <subfield code="b">2023-02-08 19:13:25</subfield>
    <subfield code="M">49HBZ_BRIDGE_UBK</subfield>
    <subfield code="g">false</subfield>
    <subfield code="a">System</subfield>
    <subfield code="c">System</subfield>
  </datafield>
  <datafield tag="ITM" ind1=" " ind2=" ">
    <subfield code="H">2226045020007147</subfield>
    <subfield code="x">00420002</subfield>
    <subfield code="f">BOOK</subfield>
    <subfield code="v">00420002</subfield>
    <subfield code="p">04</subfield>
    <subfield code="X">System</subfield>
    <subfield code="Y">2020-12-16 01:00:00 Europe/Berlin</subfield>
    <subfield code="n">306/Ba675</subfield>
    <subfield code="M">49HBZ_BRIDGE_UBK</subfield>
    <subfield code="s">1</subfield>
    <subfield code="d">0</subfield>
    <subfield code="V">System</subfield>
    <subfield code="b">420/030051</subfield>
    <subfield code="a">2326044860007147</subfield>
    <subfield code="c">306/Ba675</subfield>
    <subfield code="W">2023-02-08 20:13:25 Europe/Berlin</subfield>
    <subfield code="u">K1119</subfield>
    <subfield code="w">K1119</subfield>
  </datafield>
  <datafield tag="H52" ind1="8" ind2=" ">
    <subfield code="b">P0001</subfield>
    <subfield code="c">51</subfield>
    <subfield code="8">22148766840006463</subfield>
  </datafield>
  <datafield tag="HOL" ind1=" " ind2=" ">
    <subfield code="b">2022-07-14 10:32:26</subfield>
    <subfield code="8">22148766840006463</subfield>
    <subfield code="M">49HBZ_PAD</subfield>
    <subfield code="g">false</subfield>
    <subfield code="a">import</subfield>
  </datafield>
  <datafield tag="H52" ind1="8" ind2="1">
    <subfield code="b">P0001</subfield>
    <subfield code="c">UNASSIGNED</subfield>
    <subfield code="8">22148766820006463</subfield>
  </datafield>
  <datafield tag="HOL" ind1=" " ind2=" ">
    <subfield code="b">2022-07-14 10:32:26</subfield>
    <subfield code="8">22148766820006463</subfield>
    <subfield code="M">49HBZ_PAD</subfield>
    <subfield code="g">false</subfield>
    <subfield code="a">import</subfield>
  </datafield>
  <datafield tag="ITM" ind1=" " ind2=" ">
    <subfield code="H">22148766840006463</subfield>
    <subfield code="x">51</subfield>
    <subfield code="f">BOOK</subfield>
    <subfield code="v">51</subfield>
    <subfield code="p">20</subfield>
    <subfield code="X">System</subfield>
    <subfield code="U">2002-10-22 12:59:00 Europe/Berlin</subfield>
    <subfield code="Y">2022-07-14 12:33:50 Europe/Berlin</subfield>
    <subfield code="h">false</subfield>
    <subfield code="n">WUJ1407(3)</subfield>
    <subfield code="M">49HBZ_PAD</subfield>
    <subfield code="s">1</subfield>
    <subfield code="d">8</subfield>
    <subfield code="V">import</subfield>
    <subfield code="b">WUJ1407(3)</subfield>
    <subfield code="a">23148766830006463</subfield>
    <subfield code="t">8</subfield>
    <subfield code="R">Maintenance count: 003</subfield>
    <subfield code="B">02/7267</subfield>
    <subfield code="D">20021022</subfield>
    <subfield code="W">2002-10-22 02:00:00 Europe/Berlin</subfield>
    <subfield code="u">P0001</subfield>
    <subfield code="w">P0001</subfield>
  </datafield>
  <datafield tag="GST" ind1=" " ind2=" ">
    <subfield code="a">Burgen</subfield>
    <subfield code="A">GND</subfield>
    <subfield code="B">GND-04009104X</subfield>
    <subfield code="C">450</subfield>
  </datafield>
  <datafield tag="GSI" ind1="7" ind2=" ">
    <subfield code="a">4009104-1</subfield>
    <subfield code="0">http://d-nb.info/gnd/4009104-1</subfield>
    <subfield code="2">gnd</subfield>
    <subfield code="A">GND</subfield>
    <subfield code="B">GND-04009104X</subfield>
    <subfield code="C">024</subfield>
  </datafield>
</record>
